<record xmlns="http://www.loc.gov/MARC21/slim" xmlns:xsi="http://www.w3.org/2001/XMLSchema-instance" xsi:schemaLocation="http://www.loc.gov/MARC21/slim http://www.loc.gov/standards/marcxml/schema/MARC21slim.xsd"><leader>00880cz   2200217n  4500</leader><controlfield tag="001">oca00078772 </controlfield><controlfield tag="005">20011117072325.0</controlfield><controlfield tag="008">800825n| acannaabn          |a aaa      </controlfield><datafield ind1=" " ind2=" " tag="010"><subfield code="a">n  50043606 </subfield></datafield><datafield ind1=" " ind2=" " tag="040"><subfield code="a">DLC</subfield><subfield code="b">eng</subfield><subfield code="c">DLC</subfield><subfield code="d">DLC</subfield><subfield code="d">OCoLC</subfield><subfield code="d">INS-SF</subfield><subfield code="d">OCoLC</subfield></datafield><datafield ind1=" " ind2="0" tag="053"><subfield code="a">PA6498</subfield><subfield code="b">PA6499</subfield></datafield><datafield ind1="1" ind2=" " tag="100"><subfield code="a">Macrobius, Ambrosius Aurelius Theodosius</subfield></datafield><datafield ind1="0" ind2=" " tag="400"><subfield code="a">Macrobe</subfield></datafield><datafield ind1="0" ind2=" " tag="400"><subfield code="a">Macrobio</subfield></datafield><datafield ind1="1" ind2=" " tag="400"><subfield code="a">Macrobio, Ambrogio Teodosio</subfield></datafield><datafield ind1="1" ind2=" " tag="400"><subfield code="a">Theodosius, Ambrosius Macrobius</subfield></datafield><datafield ind1="1" ind2=" " tag="400"><subfield code="a">Macrobius Theodosius, Ambrosius</subfield></datafield><datafield ind1="1" ind2=" " tag="400"><subfield code="a">Macrobius, Aurelius Theodosius</subfield></datafield><datafield ind1="1" ind2=" " tag="400"><subfield code="a">Macrobius, Aur. Theodosius</subfield><subfield code="q">(Aurelius Theodosius)</subfield></datafield><datafield ind1=" " ind2=" " tag="670"><subfield code="a">His Commento al Somnium Scipionis, c1983- :</subfield><subfield code="b">v. 1, t.p. (Macrobio) p. 35 (Ambrogio Teodosio Macrobio)</subfield></datafield><datafield ind1=" " ind2=" " tag="670"><subfield code="a">His Aur. Theodosii Macrobii v. c. et illustris Opera, 1774:</subfield><subfield code="b">t.p. (Aur. Theodosii Macrobii ...) p. 699 (Ambrosii Macrobii Theodosii ...)</subfield></datafield></record>